@article{Hollands:2014eia,
    author = "Hollands, Stefan and Wald, Robert M.",
    title = "{Quantum fields in curved spacetime}",
    eprint = "1401.2026",
    archivePrefix = "arXiv",
    primaryClass = "gr-qc",
    doi = "10.1016/j.physrep.2015.02.001",
    journal = "Phys. Rept.",
    volume = "574",
    pages = "1--35",
    year = "2015"
}

@book{Nakahara:1990th,
    author = "Nakahara, M.",
    title = "{Geometry, topology and physics}",
    year = "2003",
    publisher      = {\href{https://doi.org/10.1201/9781315275826}{CRC Press}},
    edition        = {2},
}